% This file was created with JabRef 2.10.
% Encoding: MacRoman


@String { BSSA = {Bull.~Seismol.~Soc.~Am.} }
@String { GJI  = {Geophys.~J.~Int.} }

@InProceedings{Anderson_2004,
  Title                    = {Quantitative measure of the goodness-of-fit of synthetic seismograms},
  Author                   = {Anderson, John G},
  Booktitle                = {13th World Conference on Earthquake Engineering Conference Proceedings, Vancouver, Canada, Paper},
  Year                     = {2004},
  Volume                   = {243},

  Owner                    = {naeem},
  Timestamp                = {2015.06.25}
}

@Article{Bielak_2010_GJI,
  Title                    = {The {ShakeOut} Earthquake Scenario: {V}erification of Three Simulation Sets},
  Author                   = {Bielak, J. and Graves, R. W. and Olsen, K. B. and Taborda, R. and Ram\'{i}rez-Guzm\'{a}n, L. and Day, S. M. and Ely, G. P. and Roten, D. and Jordan, T. H. and Maechling, P. J. and Urbanic, J. and Cui, Y. and Juve, G.},
  Journal                  = GJI,
  Year                     = {2010},
  Number                   = {1},
  Pages                    = {375--404},
  Volume                   = {180},

  Doi                      = {10.1111/j.1365-246X.2009.04417.x}
}

@Article{Boore_2005,
  Title                    = {On pads and filters: Processing strong-motion data},
  Author                   = {Boore, David M},
  Journal                  = {Bulletin of the Seismological Society of America},
  Year                     = {2005},
  Number                   = {2},
  Pages                    = {745--750},
  Volume                   = {95},

  Owner                    = {naeem},
  Publisher                = {Seismological Society of America},
  Timestamp                = {2015.06.25}
}

@Article{Converse_1992,
  Title                    = {Basic strong-motion accelerogram processing software},
  Author                   = {Converse, AM and Brady, A Gerald},
  Journal                  = {USGS Open-file Report},
  Year                     = {1992},

  Owner                    = {naeem},
  Timestamp                = {2015.06.25}
}

@Article{Graves_2010,
  Title                    = {Broadband ground-motion simulation using a hybrid approach},
  Author                   = {Graves, Robert W and Pitarka, Arben},
  Journal                  = {Bulletin of the Seismological Society of America},
  Year                     = {2010},
  Number                   = {5A},
  Pages                    = {2095--2123},
  Volume                   = {100},

  Owner                    = {naeem},
  Publisher                = {Seismological Society of America},
  Timestamp                = {2015.06.25}
}

@Article{Holland_1973,
  Title                    = {Genetic algorithms and the optimal allocation of trials},
  Author                   = {Holland, John H},
  Journal                  = {SIAM Journal on Computing},
  Year                     = {1973},
  Number                   = {2},
  Pages                    = {88--105},
  Volume                   = {2},

  Owner                    = {naeem},
  Publisher                = {SIAM},
  Timestamp                = {2015.06.25}
}

@Article{Khoshnevis_2015,
  Title                    = {Sensitivity of ground motion simulation validation criteria to filtering},
  Author                   = {Khoshnevis, Naeem and Taborda, Ricardo},
  Year                     = {2015},

  Owner                    = {naeem},
  Timestamp                = {2015.06.25}
}

@Article{Lee_2014,
  Title                    = {Full-3-D tomography for crustal structure in Southern California based on the scattering-integral and the adjoint-wavefield methods},
  Author                   = {Lee, En-Jui and Chen, Po and Jordan, Thomas H and Maechling, Phillip B and Denolle, Marine AM and Beroza, Gregory C},
  Journal                  = {Journal of Geophysical Research: Solid Earth},
  Year                     = {2014},
  Number                   = {8},
  Pages                    = {6421--6451},
  Volume                   = {119},

  Owner                    = {naeem},
  Publisher                = {Wiley Online Library},
  Timestamp                = {2015.06.25}
}

@Article{Ma_2008,
  Title                    = {Dynamic modeling of the 2004 Mw 6.0 Parkfield, California, earthquake},
  Author                   = {Ma, Shuo and Custodio, Susana and Archuleta, Ralph J and Liu, Pengcheng},
  Journal                  = {Journal of Geophysical Research: Solid Earth (1978--2012)},
  Year                     = {2008},
  Number                   = {B2},
  Volume                   = {113},

  Owner                    = {naeem},
  Publisher                = {Wiley Online Library},
  Timestamp                = {2015.06.25}
}

@Article{Man_1996,
  Title                    = {Genetic algorithms: concepts and applications},
  Author                   = {Man, Kim-Fung and Tang, Kit-Sang and Kwong, Sam},
  Journal                  = {IEEE Transactions on Industrial Electronics},
  Year                     = {1996},
  Number                   = {5},
  Pages                    = {519--534},
  Volume                   = {43},

  Owner                    = {naeem},
  Publisher                = {New York, NY: Institute of Electrical and Electronics Engineers, c1982-},
  Timestamp                = {2015.06.25}
}

@Article{Olsen_2003,
  Title                    = {Estimation of Q for long-period (> 2 sec) waves in the Los Angeles basin},
  Author                   = {Olsen, KB and Day, SM and Bradley, CR},
  Journal                  = {Bulletin of the Seismological Society of America},
  Year                     = {2003},
  Number                   = {2},
  Pages                    = {627--638},
  Volume                   = {93},

  Owner                    = {naeem},
  Publisher                = {Seismological Society of America},
  Timestamp                = {2015.06.25}
}

@Book{Oppenheim_1989,
  Title                    = {Discrete-time signal processing},
  Author                   = {Oppenheim, Alan V and Schafer, Ronald W and Buck, John R and others},
  Publisher                = {Prentice-hall Englewood Cliffs},
  Year                     = {1989},
  Volume                   = {2},

  __markedentry            = {[naeem:]},
  Owner                    = {naeem},
  Timestamp                = {2015.06.25}
}

@Article{Taborda_2013_BSSA,
  Title                    = {Ground-Motion Simulation and Validation of the 2008 {C}hino {H}ills, {C}alifornia, Earthquake},
  Author                   = {Taborda, Ricardo and Bielak, Jacobo},
  Journal                  = {Bull.~Seis.~Soc.~Am.},
  Year                     = {2013},
  Number                   = {1},
  Pages                    = {131--156},
  Volume                   = {103},

  Doi                      = {10.1785/0120110325}
}

@Article{Trifunac_1971,
  Title                    = {Zero baseline correction of strong-motion accelerograms},
  Author                   = {Trifunac, Mihailo D},
  Journal                  = {Bulletin of the Seismological Society of America},
  Year                     = {1971},
  Number                   = {5},
  Pages                    = {1201--1211},
  Volume                   = {61},

  __markedentry            = {[naeem:6]},
  Owner                    = {naeem},
  Publisher                = {Seismological Society of America},
  Timestamp                = {2015.06.25}
}

